@article{ranganathan2018study,
  title={Study designs: Part 1--An overview and classification},
  author={Ranganathan, Priya and Aggarwal, Rakesh},
  journal={Perspectives in clinical research},
  volume={9},
  number={4},
  pages={184},
  year={2018},
  publisher={Wolters Kluwer--Medknow Publications}
}